@article{shannon1948communication,
  author = {Debasish kalita},
  title = {An Overview on Long Short Term Memory (LSTM)},
  journal = {Analytics Vidya},
  year =  2022,
  volume = {March}
 
}
